@misc{liu2021csiro,
      title={The CSIRO Crown-of-Thorn Starfish Detection Dataset}, 
      author={Jiajun Liu and Brano Kusy and Ross Marchant and Brendan Do and Torsten Merz and Joey Crosswell and Andy Steven and Nic Heaney and Karl von Richter and Lachlan Tychsen-Smith and David Ahmedt-Aristizabal and Mohammad Ali Armin and Geoffrey Carlin and Russ Babcock and Peyman Moghadam and Daniel Smith and Tim Davis and Kemal El Moujahid and Martin Wicke and Megha Malpani},
      year={2021},
      eprint={2111.14311},
      archivePrefix={arXiv},
      primaryClass={cs.CV}
}

@misc{ultralytics2023yolov8,
      title={YOLOv8: Ultralytics Object Detection Architecture}, 
      author={Ultralytics Team},
      year={2023},
      howpublished={\url{https://github.com/ultralytics/ultralytics/issues/189}},
      note={Accessed: 2024-11-18}
}

@misc{ultralytics2023yolov8explained,
      title={YOLOv8 Architecture Explained}, 
      author={Ultralytics Team},
      year={2023},
      howpublished={\url{https://yolov8.org/yolov8-architecture-explained/}},
      note={Accessed: 2024-11-18}
}
@misc{csiro,
      title={Commonwealth Scientific and Industrial Research Organisation, Australian Government - CSIRO}, 
      author={Australian Government},
      year={2023},
      howpublished={\url{https://www.csiro.au/en//}},
      note={Accessed: 2024-11-18}
}
